<record><leader>00000cas a22000007a 4500</leader><controlfield tag="001">9525089</controlfield><controlfield tag="008">830519d18uu18uumauuu ne      0    0eng d</controlfield><datafield ind1=" " ind2=" " tag="010"><subfield code="a">sn 83020741 </subfield></datafield><datafield ind1=" " ind2=" " tag="040"><subfield code="a">NPX</subfield><subfield code="b">eng</subfield><subfield code="c">NPX</subfield><subfield code="d">OCLCQ</subfield></datafield><datafield ind1=" " ind2=" " tag="042"><subfield code="a">msc</subfield></datafield><datafield ind1=" " ind2=" " tag="043"><subfield code="a">n-us-ma</subfield></datafield><datafield ind1="0" ind2="0" tag="245"><subfield code="a">Lexington comet: and poetical budget /</subfield><subfield code="c">by the author of "Life in Lexington."</subfield></datafield><datafield ind1=" " ind2=" " tag="260"><subfield code="a">[Lexington, Mass. :</subfield><subfield code="b">s.n.]</subfield></datafield><datafield ind1=" " ind2=" " tag="300"><subfield code="a">v. ;</subfield><subfield code="c">52 cm.</subfield></datafield><datafield ind1=" " ind2=" " tag="500"><subfield code="a">"This paper is devoted to the rights of the Minority, and is supposed to contain much Truth, little Poetry, a great quantity of Humanity, and any quantity of Originality."</subfield></datafield><datafield ind1=" " ind2=" " tag="588"><subfield code="a">Description based on: Vol. 1, no. 2 [n.d.].</subfield></datafield><datafield ind1="1" ind2=" " tag="700"><subfield code="a">Author of Life in Lexington.</subfield></datafield><datafield ind1=" " ind2=" " tag="752"><subfield code="a">United States</subfield><subfield code="b">Massachusetts</subfield><subfield code="c">Middlesex</subfield><subfield code="d">Lexington.</subfield></datafield><datafield ind1="1" ind2=" " tag="029"><subfield code="a">AU@</subfield><subfield code="b">000025796498</subfield></datafield></record>